@inproceedings{Yuan23a,
  author       = {Yang Yuan},
  editor       = {Andreas Krause and
                  Emma Brunskill and
                  Kyunghyun Cho and
                  Barbara Engelhardt and
                  Sivan Sabato and
                  Jonathan Scarlett},
  title        = {On the Power of Foundation Models},
  booktitle    = {International Conference on Machine Learning, {ICML} 2023, 23-29 July
                  2023, Honolulu, Hawaii, {USA}},
  series       = {Proceedings of Machine Learning Research},
  volume       = {202},
  pages        = {40519--40530},
  publisher    = {{PMLR}},
  year         = {2023},
  url          = {https://proceedings.mlr.press/v202/yuan23b.html},
  timestamp    = {Mon, 28 Aug 2023 17:23:09 +0200},
  biburl       = {https://dblp.org/rec/conf/icml/Yuan23a.bib},
  bibsource    = {dblp computer science bibliography, https://dblp.org}
}

@inproceedings{JeonLLR24,
  author       = {Hong Jun Jeon and
                  Jason D. Lee and
                  Qi Lei and
                  Benjamin Van Roy},
  title        = {An Information-Theoretic Analysis of In-Context Learning},
  booktitle    = {Forty-first International Conference on Machine Learning, {ICML} 2024,
                  Vienna, Austria, July 21-27, 2024},
  publisher    = {OpenReview.net},
  year         = {2024},
  url          = {https://openreview.net/forum?id=NQn2tYLv5I},
  timestamp    = {Mon, 02 Sep 2024 16:55:26 +0200},
  biburl       = {https://dblp.org/rec/conf/icml/JeonLLR24.bib},
  bibsource    = {dblp computer science bibliography, https://dblp.org}
}