% # Assessment

% A Survey on Evaluation of Large Language Models. ACM Transactions on Intelligent Systems and Technology. 29 March 2024

@article{chang2024survey,
  title={A survey on evaluation of large language models},
  author={Chang, Yupeng and Wang, Xu and Wang, Jindong and Wu, Yuan and Yang, Linyi and Zhu, Kaijie and Chen, Hao and Yi, Xiaoyuan and Wang, Cunxiang and Wang, Yidong and others},
  journal={ACM transactions on intelligent systems and technology},
  volume={15},
  number={3},
  pages={1--45},
  year={2024},
  publisher={ACM New York, NY}
}

% When Can LLMs Actually Correct Their Own Mistakes? A Critical Survey of Self-Correction of LLMs. Transactions of the Association for Computational Linguistics. 2024

@article{kamoi2024can,
  title={When can llms actually correct their own mistakes? a critical survey of self-correction of llms},
  author={Kamoi, Ryo and Zhang, Yusen and Zhang, Nan and Han, Jiawei and Zhang, Rui},
  journal={Transactions of the Association for Computational Linguistics},
  volume={12},
  pages={1417--1440},
  year={2024},
  publisher={MIT Press 255 Main Street}
}

% On LLMs-Driven Synthetic Data Generation, Curation, and Evaluation: A Survey. ACL (Findings) 2024

@inproceedings{LongWXZDCW24,
  author       = {Lin Long and
                  Rui Wang and
                  Ruixuan Xiao and
                  Junbo Zhao and
                  Xiao Ding and
                  Gang Chen and
                  Haobo Wang},
  editor       = {Lun{-}Wei Ku and
                  Andre Martins and
                  Vivek Srikumar},
  title        = {On LLMs-Driven Synthetic Data Generation, Curation, and Evaluation:
                  {A} Survey},
  booktitle    = {Findings of the Association for Computational Linguistics, {ACL} 2024,
                  Bangkok, Thailand and virtual meeting, August 11-16, 2024},
  pages        = {11065--11082},
  publisher    = {Association for Computational Linguistics},
  year         = {2024},
  url          = {https://doi.org/10.18653/v1/2024.findings-acl.658},
  doi          = {10.18653/V1/2024.FINDINGS-ACL.658},
  timestamp    = {Thu, 22 May 2025 17:54:02 +0200},
  biburl       = {https://dblp.org/rec/conf/acl/LongWXZDCW24.bib},
  bibsource    = {dblp computer science bibliography, https://dblp.org}
}

% Knowledge Conflicts for LLMs: A Survey. EMNLP 2024

@inproceedings{XuQGW0ZX24,
  author       = {Rongwu Xu and
                  Zehan Qi and
                  Zhijiang Guo and
                  Cunxiang Wang and
                  Hongru Wang and
                  Yue Zhang and
                  Wei Xu},
  editor       = {Yaser Al{-}Onaizan and
                  Mohit Bansal and
                  Yun{-}Nung Chen},
  title        = {Knowledge Conflicts for LLMs: {A} Survey},
  booktitle    = {Proceedings of the 2024 Conference on Empirical Methods in Natural
                  Language Processing, {EMNLP} 2024, Miami, FL, USA, November 12-16,
                  2024},
  pages        = {8541--8565},
  publisher    = {Association for Computational Linguistics},
  year         = {2024},
  url          = {https://aclanthology.org/2024.emnlp-main.486},
  timestamp    = {Thu, 14 Nov 2024 17:20:55 +0100},
  biburl       = {https://dblp.org/rec/conf/emnlp/XuQGW0ZX24.bib},
  bibsource    = {dblp computer science bibliography, https://dblp.org}
}

% A Survey on Hallucination in Large Language Models: Principles, Taxonomy, Challenges, and Open Questions. ACM Trans. Inf. Syst. 43(2): 42:1-42:55 (2025)

@article{HuangYMZFWCPFQL25,
  author       = {Lei Huang and
                  Weijiang Yu and
                  Weitao Ma and
                  Weihong Zhong and
                  Zhangyin Feng and
                  Haotian Wang and
                  Qianglong Chen and
                  Weihua Peng and
                  Xiaocheng Feng and
                  Bing Qin and
                  Ting Liu},
  title        = {A Survey on Hallucination in Large Language Models: Principles, Taxonomy,
                  Challenges, and Open Questions},
  journal      = {{ACM} Trans. Inf. Syst.},
  volume       = {43},
  number       = {2},
  pages        = {42:1--42:55},
  year         = {2025},
  url          = {https://doi.org/10.1145/3703155},
  doi          = {10.1145/3703155},
  timestamp    = {Mon, 12 May 2025 21:02:39 +0200},
  biburl       = {https://dblp.org/rec/journals/tois/HuangYMZFWCPFQL25.bib},
  bibsource    = {dblp computer science bibliography, https://dblp.org}
}

% Grounding and Evaluation for Large Language Models: Practical Challenges and Lessons Learned (Survey). KDD 2024: 6523-6533

@inproceedings{KenthapadiST24,
  author       = {Krishnaram Kenthapadi and
                  Mehrnoosh Sameki and
                  Ankur Taly},
  editor       = {Ricardo Baeza{-}Yates and
                  Francesco Bonchi},
  title        = {Grounding and Evaluation for Large Language Models: Practical Challenges
                  and Lessons Learned (Survey)},
  booktitle    = {Proceedings of the 30th {ACM} {SIGKDD} Conference on Knowledge Discovery
                  and Data Mining, {KDD} 2024, Barcelona, Spain, August 25-29, 2024},
  pages        = {6523--6533},
  publisher    = {{ACM}},
  year         = {2024},
  url          = {https://doi.org/10.1145/3637528.3671467},
  doi          = {10.1145/3637528.3671467},
  timestamp    = {Sun, 19 Jan 2025 13:22:13 +0100},
  biburl       = {https://dblp.org/rec/conf/kdd/KenthapadiST24.bib},
  bibsource    = {dblp computer science bibliography, https://dblp.org}
}

% A survey on chatbots and large language models: Testing and evaluation techniques. Nat. Lang. Process. J. 10: 100128 (2025)


@article{SinghN25,
  author       = {Sonali Singh and
                  Akbar Siami Namin},
  title        = {A survey on chatbots and large language models: Testing and evaluation
                  techniques},
  journal      = {Nat. Lang. Process. J.},
  volume       = {10},
  pages        = {100128},
  year         = {2025},
  url          = {https://doi.org/10.1016/j.nlp.2025.100128},
  doi          = {10.1016/J.NLP.2025.100128},
  timestamp    = {Mon, 03 Mar 2025 22:19:57 +0100},
  biburl       = {https://dblp.org/rec/journals/nlpj/SinghN25.bib},
  bibsource    = {dblp computer science bibliography, https://dblp.org}
}

% # Implementation

% Beyond Chain-of-Thought: A Survey of Chain-of-X Paradigms for LLMs. Proceedings of the 31st International Conference on Computational Linguistics. 2025 01

@inproceedings{XiaWLLYCML25,
  author       = {Yu Xia and
                  Rui Wang and
                  Xu Liu and
                  Mingyan Li and
                  Tong Yu and
                  Xiang Chen and
                  Julian J. McAuley and
                  Shuai Li},
  editor       = {Owen Rambow and
                  Leo Wanner and
                  Marianna Apidianaki and
                  Hend Al{-}Khalifa and
                  Barbara Di Eugenio and
                  Steven Schockaert},
  title        = {Beyond Chain-of-Thought: {A} Survey of Chain-of-X Paradigms for LLMs},
  booktitle    = {Proceedings of the 31st International Conference on Computational
                  Linguistics, {COLING} 2025, Abu Dhabi, UAE, January 19-24, 2025},
  pages        = {10795--10809},
  publisher    = {Association for Computational Linguistics},
  year         = {2025},
  url          = {https://aclanthology.org/2025.coling-main.719/},
  timestamp    = {Wed, 12 Feb 2025 15:55:54 +0100},
  biburl       = {https://dblp.org/rec/conf/coling/XiaWLLYCML25.bib},
  bibsource    = {dblp computer science bibliography, https://dblp.org}
}

% When Can LLMs Actually Correct Their Own Mistakes? A Critical Survey of Self-Correction of LLMs. Transactions of the Association for Computational Linguistics. 2024

@article{KamoiZZHZ24,
  author       = {Ryo Kamoi and
                  Yusen Zhang and
                  Nan Zhang and
                  Jiawei Han and
                  Rui Zhang},
  title        = {When Can LLMs \emph{Actually} Correct Their Own Mistakes? {A} Critical
                  Survey of Self-Correction of LLMs},
  journal      = {Trans. Assoc. Comput. Linguistics},
  volume       = {12},
  pages        = {1417--1440},
  year         = {2024},
  url          = {https://doi.org/10.1162/tacl\_a\_00713},
  doi          = {10.1162/TACL\_A\_00713},
  timestamp    = {Tue, 11 Mar 2025 09:27:02 +0100},
  biburl       = {https://dblp.org/rec/journals/tacl/KamoiZZHZ24.bib},
  bibsource    = {dblp computer science bibliography, https://dblp.org}
}

Harnessing the Power of LLMs in Practice: A Survey on ChatGPT and Beyond. ACM Trans. Knowl. Discov. Data 18(6): 160:1-160:32 (2024)

@article{YangJTHFJZYH24,
  author       = {Jingfeng Yang and
                  Hongye Jin and
                  Ruixiang Tang and
                  Xiaotian Han and
                  Qizhang Feng and
                  Haoming Jiang and
                  Shaochen Zhong and
                  Bing Yin and
                  Xia Ben Hu},
  title        = {Harnessing the Power of LLMs in Practice: {A} Survey on ChatGPT and
                  Beyond},
  journal      = {{ACM} Trans. Knowl. Discov. Data},
  volume       = {18},
  number       = {6},
  pages        = {160:1--160:32},
  year         = {2024},
  url          = {https://doi.org/10.1145/3649506},
  doi          = {10.1145/3649506},
  timestamp    = {Sun, 19 Jan 2025 14:58:34 +0100},
  biburl       = {https://dblp.org/rec/journals/tkdd/YangJTHFJZYH24.bib},
  bibsource    = {dblp computer science bibliography, https://dblp.org}
}

% Code LLMs: A Taxonomy-based Survey. IEEE Big Data 2024

@inproceedings{RaihanNZ24,
  author       = {Nishat Raihan and
                  Christian D. Newman and
                  Marcos Zampieri},
  editor       = {Wei Ding and
                  Chang{-}Tien Lu and
                  Fusheng Wang and
                  Liping Di and
                  Kesheng Wu and
                  Jun Huan and
                  Raghu Nambiar and
                  Jundong Li and
                  Filip Ilievski and
                  Ricardo Baeza{-}Yates and
                  Xiaohua Hu},
  title        = {Code LLMs: {A} Taxonomy-based Survey},
  booktitle    = {{IEEE} International Conference on Big Data, BigData 2024, Washington,
                  DC, USA, December 15-18, 2024},
  pages        = {5402--5411},
  publisher    = {{IEEE}},
  year         = {2024},
  url          = {https://doi.org/10.1109/BigData62323.2024.10826108},
  doi          = {10.1109/BIGDATA62323.2024.10826108},
  timestamp    = {Tue, 25 Feb 2025 08:17:20 +0100},
  biburl       = {https://dblp.org/rec/conf/bigdataconf/RaihanNZ24.bib},
  bibsource    = {dblp computer science bibliography, https://dblp.org}
}

% Towards Reasoning in Large Language Models: A Survey. ACL Finding, 2023 07

@inproceedings{0009C23,
  author       = {Jie Huang and
                  Kevin Chen{-}Chuan Chang},
  editor       = {Anna Rogers and
                  Jordan L. Boyd{-}Graber and
                  Naoaki Okazaki},
  title        = {Towards Reasoning in Large Language Models: {A} Survey},
  booktitle    = {Findings of the Association for Computational Linguistics: {ACL} 2023,
                  Toronto, Canada, July 9-14, 2023},
  pages        = {1049--1065},
  publisher    = {Association for Computational Linguistics},
  year         = {2023},
  url          = {https://doi.org/10.18653/v1/2023.findings-acl.67},
  doi          = {10.18653/V1/2023.FINDINGS-ACL.67},
  timestamp    = {Thu, 10 Aug 2023 12:35:41 +0200},
  biburl       = {https://dblp.org/rec/conf/acl/0009C23.bib},
  bibsource    = {dblp computer science bibliography, https://dblp.org}
}

% # exploration 

% Explainability and vision foundation models: A survey. Inf. Fusion 122: 103184 (2025)

@article{KazmierczakBFF25,
  author       = {R{\'{e}}mi Kazmierczak and
                  Elo{\"{\i}}se Berthier and
                  Goran Frehse and
                  Gianni Franchi},
  title        = {Explainability and vision foundation models: {A} survey},
  journal      = {Inf. Fusion},
  volume       = {122},
  pages        = {103184},
  year         = {2025},
  url          = {https://doi.org/10.1016/j.inffus.2025.103184},
  doi          = {10.1016/J.INFFUS.2025.103184},
  timestamp    = {Sat, 03 May 2025 20:21:03 +0200},
  biburl       = {https://dblp.org/rec/journals/inffus/KazmierczakBFF25.bib},
  bibsource    = {dblp computer science bibliography, https://dblp.org}
}

% A Survey on Hallucination in Large Language Models: Principles, Taxonomy, Challenges, and Open Questions. ACM Trans. Inf. Syst. 43(2): 42:1-42:55 (2025)

% Hallucination Detection in Foundation Models for Decision-Making: A Flexible Definition and Review of the State of the Art. ACM Comput. Surv. 57(7): 188:1-188:35 (2025)

@article{ChakrabortyOD25,
  author       = {Neeloy Chakraborty and
                  Melkior Ornik and
                  Katherine Rose Driggs{-}Campbell},
  title        = {Hallucination Detection in Foundation Models for Decision-Making:
                  {A} Flexible Definition and Review of the State of the Art},
  journal      = {{ACM} Comput. Surv.},
  volume       = {57},
  number       = {7},
  pages        = {188:1--188:35},
  year         = {2025},
  url          = {https://doi.org/10.1145/3716846},
  doi          = {10.1145/3716846},
  timestamp    = {Fri, 09 May 2025 20:26:41 +0200},
  biburl       = {https://dblp.org/rec/journals/csur/ChakrabortyOD25.bib},
  bibsource    = {dblp computer science bibliography, https://dblp.org}
}

% Explainability for Large Language Models: A Survey. ACM Trans. Intell. Syst. Technol. 15(2): 20:1-20:38 (2024)

@article{ZhaoCYLDCWYD24,
  author       = {Haiyan Zhao and
                  Hanjie Chen and
                  Fan Yang and
                  Ninghao Liu and
                  Huiqi Deng and
                  Hengyi Cai and
                  Shuaiqiang Wang and
                  Dawei Yin and
                  Mengnan Du},
  title        = {Explainability for Large Language Models: {A} Survey},
  journal      = {{ACM} Trans. Intell. Syst. Technol.},
  volume       = {15},
  number       = {2},
  pages        = {20:1--20:38},
  year         = {2024},
  url          = {https://doi.org/10.1145/3639372},
  doi          = {10.1145/3639372},
  timestamp    = {Sun, 19 Jan 2025 14:41:07 +0100},
  biburl       = {https://dblp.org/rec/journals/tist/ZhaoCYLDCWYD24.bib},
  bibsource    = {dblp computer science bibliography, https://dblp.org}
}

% A survey on rag meeting llms: Towards retrieval-augmented large language models. In Proceedings of the 30th ACM SIGKDD Conference on Knowledge Discovery and Data Mining (pp. 6491-6501).

@inproceedings{FanDNWLYCL24,
  author       = {Wenqi Fan and
                  Yujuan Ding and
                  Liangbo Ning and
                  Shijie Wang and
                  Hengyun Li and
                  Dawei Yin and
                  Tat{-}Seng Chua and
                  Qing Li},
  editor       = {Ricardo Baeza{-}Yates and
                  Francesco Bonchi},
  title        = {A Survey on {RAG} Meeting LLMs: Towards Retrieval-Augmented Large
                  Language Models},
  booktitle    = {Proceedings of the 30th {ACM} {SIGKDD} Conference on Knowledge Discovery
                  and Data Mining, {KDD} 2024, Barcelona, Spain, August 25-29, 2024},
  pages        = {6491--6501},
  publisher    = {{ACM}},
  year         = {2024},
  url          = {https://doi.org/10.1145/3637528.3671470},
  doi          = {10.1145/3637528.3671470},
  timestamp    = {Mon, 10 Feb 2025 08:43:26 +0100},
  biburl       = {https://dblp.org/rec/conf/kdd/FanDNWLYCL24.bib},
  bibsource    = {dblp computer science bibliography, https://dblp.org}
}

% # implementation

% Large language model for table processing: a survey. Frontiers Comput. Sci. 19(2): 192350 (2025)

@article{LuZFFCD25,
  author       = {Weizheng Lu and
                  Jing Zhang and
                  Ju Fan and
                  Zihao Fu and
                  Yueguo Chen and
                  Xiaoyong Du},
  title        = {Large language model for table processing: a survey},
  journal      = {Frontiers Comput. Sci.},
  volume       = {19},
  number       = {2},
  pages        = {192350},
  year         = {2025},
  url          = {https://doi.org/10.1007/s11704-024-40763-6},
  doi          = {10.1007/S11704-024-40763-6},
  timestamp    = {Wed, 19 Feb 2025 13:54:57 +0100},
  biburl       = {https://dblp.org/rec/journals/fcsc/LuZFFCD25.bib},
  bibsource    = {dblp computer science bibliography, https://dblp.org}
}

% A survey of table reasoning with large language models. Frontiers Comput. Sci. 19(9): 199348 (2025)

@article{ZhangWDZC25,
  author       = {Xuanliang Zhang and
                  Dingzirui Wang and
                  Longxu Dou and
                  Qingfu Zhu and
                  Wanxiang Che},
  title        = {A survey of table reasoning with large language models},
  journal      = {Frontiers Comput. Sci.},
  volume       = {19},
  number       = {9},
  pages        = {199348},
  year         = {2025},
  url          = {https://doi.org/10.1007/s11704-024-40330-z},
  doi          = {10.1007/S11704-024-40330-Z},
  timestamp    = {Wed, 12 Feb 2025 09:01:47 +0100},
  biburl       = {https://dblp.org/rec/journals/fcsc/ZhangWDZC25.bib},
  bibsource    = {dblp computer science bibliography, https://dblp.org}
}

% Tool Learning with Foundation Models. ACM Comput. Surv. 57(4): 101:1-101:40 (2025)

@article{QinHLCDCZZHXHFSWQTZLSXZ25,
  author       = {Yujia Qin and
                  Shengding Hu and
                  Yankai Lin and
                  Weize Chen and
                  Ning Ding and
                  Ganqu Cui and
                  Zheni Zeng and
                  Xuanhe Zhou and
                  Yufei Huang and
                  Chaojun Xiao and
                  Chi Han and
                  Yi R. Fung and
                  Yusheng Su and
                  Huadong Wang and
                  Cheng Qian and
                  Runchu Tian and
                  Kunlun Zhu and
                  Shihao Liang and
                  Xingyu Shen and
                  Bokai Xu and
                  Zhen Zhang and
                  Yining Ye and
                  Bowen Li and
                  Ziwei Tang and
                  Jing Yi and
                  Yuzhang Zhu and
                  Zhenning Dai and
                  Lan Yan and
                  Xin Cong and
                  Yaxi Lu and
                  Weilin Zhao and
                  Yuxiang Huang and
                  Junxi Yan and
                  Xu Han and
                  Xian Sun and
                  Dahai Li and
                  Jason Phang and
                  Cheng Yang and
                  Tongshuang Wu and
                  Heng Ji and
                  Guoliang Li and
                  Zhiyuan Liu and
                  Maosong Sun},
  title        = {Tool Learning with Foundation Models},
  journal      = {{ACM} Comput. Surv.},
  volume       = {57},
  number       = {4},
  pages        = {101:1--101:40},
  year         = {2025},
  url          = {https://doi.org/10.1145/3704435},
  doi          = {10.1145/3704435},
  timestamp    = {Sun, 25 May 2025 21:25:18 +0200},
  biburl       = {https://dblp.org/rec/journals/csur/QinHLCDCZZHXHFSWQTZLSXZ25.bib},
  bibsource    = {dblp computer science bibliography, https://dblp.org}
}

% Tool learning with large language models: a survey. Frontiers Comput. Sci. 19(8): 198343 (2025)

@article{QuDWCWYXW25,
  author       = {Changle Qu and
                  Sunhao Dai and
                  Xiaochi Wei and
                  Hengyi Cai and
                  Shuaiqiang Wang and
                  Dawei Yin and
                  Jun Xu and
                  Ji{-}Rong Wen},
  title        = {Tool learning with large language models: a survey},
  journal      = {Frontiers Comput. Sci.},
  volume       = {19},
  number       = {8},
  pages        = {198343},
  year         = {2025},
  url          = {https://doi.org/10.1007/s11704-024-40678-2},
  doi          = {10.1007/S11704-024-40678-2},
  timestamp    = {Wed, 12 Feb 2025 09:01:47 +0100},
  biburl       = {https://dblp.org/rec/journals/fcsc/QuDWCWYXW25.bib},
  bibsource    = {dblp computer science bibliography, https://dblp.org}
}

% Large Language Models (LLMs) on Tabular Data: Prediction, Generation, and Understanding - A Survey. Trans. Mach. Learn. Res. 2024 (2024)

@article{FangXTH0QSF24,
  author       = {Xi Fang and
                  Weijie Xu and
                  Fiona Anting Tan and
                  Ziqing Hu and
                  Jiani Zhang and
                  Yanjun Qi and
                  Srinivasan H. Sengamedu and
                  Christos Faloutsos},
  title        = {Large Language Models (LLMs) on Tabular Data: Prediction, Generation,
                  and Understanding - {A} Survey},
  journal      = {Trans. Mach. Learn. Res.},
  volume       = {2024},
  year         = {2024},
  url          = {https://openreview.net/forum?id=IZnrCGF9WI},
  timestamp    = {Thu, 08 Aug 2024 15:22:39 +0200},
  biburl       = {https://dblp.org/rec/journals/tmlr/FangXTH0QSF24.bib},
  bibsource    = {dblp computer science bibliography, https://dblp.org}
}

% Large language models for generative information extraction: a survey. Frontiers Comput. Sci. 18(6): 186357 (2024)

@article{XuCPZXZWZWC24,
  author       = {Derong Xu and
                  Wei Chen and
                  Wenjun Peng and
                  Chao Zhang and
                  Tong Xu and
                  Xiangyu Zhao and
                  Xian Wu and
                  Yefeng Zheng and
                  Yang Wang and
                  Enhong Chen},
  title        = {Large language models for generative information extraction: a survey},
  journal      = {Frontiers Comput. Sci.},
  volume       = {18},
  number       = {6},
  pages        = {186357},
  year         = {2024},
  url          = {https://doi.org/10.1007/s11704-024-40555-y},
  doi          = {10.1007/S11704-024-40555-Y},
  timestamp    = {Mon, 03 Mar 2025 21:38:51 +0100},
  biburl       = {https://dblp.org/rec/journals/fcsc/XuCPZXZWZWC24.bib},
  bibsource    = {dblp computer science bibliography, https://dblp.org}
}

% Automatically Correcting Large Language Models: Surveying the Landscape of Diverse Automated Correction Strategies. Trans. Assoc. Comput. Linguistics 12: 484-506 (2024)

@article{PanSXNWW24,
  author       = {Liangming Pan and
                  Michael Saxon and
                  Wenda Xu and
                  Deepak Nathani and
                  Xinyi Wang and
                  William Yang Wang},
  title        = {Automatically Correcting Large Language Models: \emph{Surveying the
                  Landscape of Diverse Automated Correction Strategies}},
  journal      = {Trans. Assoc. Comput. Linguistics},
  volume       = {12},
  pages        = {484--506},
  year         = {2024},
  url          = {https://doi.org/10.1162/tacl\_a\_00660},
  doi          = {10.1162/TACL\_A\_00660},
  timestamp    = {Thu, 04 Jul 2024 21:52:58 +0200},
  biburl       = {https://dblp.org/rec/journals/tacl/PanSXNWW24.bib},
  bibsource    = {dblp computer science bibliography, https://dblp.org}
}

The rise and potential of large language model based agents: a survey. Sci. China Inf. Sci. 68(2) (2025)

@article{XiCGHDHZWJZZFWXZWJZLYDW25,
  author       = {Zhiheng Xi and
                  Wenxiang Chen and
                  Xin Guo and
                  Wei He and
                  Yiwen Ding and
                  Boyang Hong and
                  Ming Zhang and
                  Junzhe Wang and
                  Senjie Jin and
                  Enyu Zhou and
                  Rui Zheng and
                  Xiaoran Fan and
                  Xiao Wang and
                  Limao Xiong and
                  Yuhao Zhou and
                  Weiran Wang and
                  Changhao Jiang and
                  Yicheng Zou and
                  Xiangyang Liu and
                  Zhangyue Yin and
                  Shihan Dou and
                  Rongxiang Weng and
                  Wenjuan Qin and
                  Yongyan Zheng and
                  Xipeng Qiu and
                  Xuanjing Huang and
                  Qi Zhang and
                  Tao Gui},
  title        = {The rise and potential of large language model based agents: a survey},
  journal      = {Sci. China Inf. Sci.},
  volume       = {68},
  number       = {2},
  year         = {2025},
  url          = {https://doi.org/10.1007/s11432-024-4222-0},
  doi          = {10.1007/S11432-024-4222-0},
  timestamp    = {Mon, 05 May 2025 07:56:12 +0200},
  biburl       = {https://dblp.org/rec/journals/chinaf/XiCGHDHZWJZZFWXZWJZLYDW25.bib},
  bibsource    = {dblp computer science bibliography, https://dblp.org}
}

% A survey on large language model based autonomous agents. Frontiers Comput. Sci. 18(6): 186345 (2024)

@article{WangMFZYZCTCLZWW24,
  author       = {Lei Wang and
                  Chen Ma and
                  Xueyang Feng and
                  Zeyu Zhang and
                  Hao Yang and
                  Jingsen Zhang and
                  Zhiyuan Chen and
                  Jiakai Tang and
                  Xu Chen and
                  Yankai Lin and
                  Wayne Xin Zhao and
                  Zhewei Wei and
                  Jirong Wen},
  title        = {A survey on large language model based autonomous agents},
  journal      = {Frontiers Comput. Sci.},
  volume       = {18},
  number       = {6},
  pages        = {186345},
  year         = {2024},
  url          = {https://doi.org/10.1007/s11704-024-40231-1},
  doi          = {10.1007/S11704-024-40231-1},
  timestamp    = {Mon, 24 Feb 2025 10:41:45 +0100},
  biburl       = {https://dblp.org/rec/journals/fcsc/WangMFZYZCTCLZWW24.bib},
  bibsource    = {dblp computer science bibliography, https://dblp.org}
}

% # data preparation

% Can Foundation Models Wrangle Your Data?

@article{NarayanCOR22,
  author       = {Avanika Narayan and
                  Ines Chami and
                  Laurel J. Orr and
                  Christopher R{\'{e}}},
  title        = {Can Foundation Models Wrangle Your Data?},
  journal      = {Proc. {VLDB} Endow.},
  volume       = {16},
  number       = {4},
  pages        = {738--746},
  year         = {2022},
  url          = {https://www.vldb.org/pvldb/vol16/p738-narayan.pdf},
  doi          = {10.14778/3574245.3574258},
  timestamp    = {Mon, 23 Oct 2023 16:16:16 +0200},
  biburl       = {https://dblp.org/rec/journals/pvldb/NarayanCOR22.bib},
  bibsource    = {dblp computer science bibliography, https://dblp.org}
}

% Large language model for table processing: a survey. Frontiers Comput. Sci. 19(2): 192350 (2025)

% A survey of table reasoning with large language models. Frontiers Comput. Sci. 19(9): 199348 (2025)

% # Representation

% On LLMs-Driven Synthetic Data Generation, Curation, and Evaluation: A Survey. ACL (Findings) 2024

% Large Language Models (LLMs) on Tabular Data: Prediction, Generation, and Understanding - A Survey. TMLR. 18 Sept 2024

% A comprehensive survey on integrating large language models with knowledge-based methods. Knowl. Based Syst. 318: 113503 (2025)

@article{YangSBK25,
  author       = {Wenli Yang and
                  Lilian Some and
                  Michael Bain and
                  Byeong Ho Kang},
  title        = {A comprehensive survey on integrating large language models with knowledge-based
                  methods},
  journal      = {Knowl. Based Syst.},
  volume       = {318},
  pages        = {113503},
  year         = {2025},
  url          = {https://doi.org/10.1016/j.knosys.2025.113503},
  doi          = {10.1016/J.KNOSYS.2025.113503},
  timestamp    = {Wed, 14 May 2025 14:09:53 +0200},
  biburl       = {https://dblp.org/rec/journals/kbs/YangSBK25.bib},
  bibsource    = {dblp computer science bibliography, https://dblp.org}
}

% A survey of large language models for graphs. In Proceedings of the 30th ACM SIGKDD Conference on Knowledge Discovery and Data Mining (pp. 6616-6626).

@inproceedings{RenTYCH24,
  author       = {Xubin Ren and
                  Jiabin Tang and
                  Dawei Yin and
                  Nitesh V. Chawla and
                  Chao Huang},
  editor       = {Ricardo Baeza{-}Yates and
                  Francesco Bonchi},
  title        = {A Survey of Large Language Models for Graphs},
  booktitle    = {Proceedings of the 30th {ACM} {SIGKDD} Conference on Knowledge Discovery
                  and Data Mining, {KDD} 2024, Barcelona, Spain, August 25-29, 2024},
  pages        = {6616--6626},
  publisher    = {{ACM}},
  year         = {2024},
  url          = {https://doi.org/10.1145/3637528.3671460},
  doi          = {10.1145/3637528.3671460},
  timestamp    = {Sun, 19 Jan 2025 13:22:11 +0100},
  biburl       = {https://dblp.org/rec/conf/kdd/RenTYCH24.bib},
  bibsource    = {dblp computer science bibliography, https://dblp.org}
}

A survey on augmenting knowledge graphs (KGs) with large language models (LLMs): models, evaluation metrics, benchmarks, and challenges. Discov. Artif. Intell. 4(1): 76 (2024)

@article{IbrahimAIK24,
  author       = {Nourhan Ibrahim and
                  Samar AboulEla and
                  Ahmed F. Ibrahim and
                  Rasha F. Kashef},
  title        = {A survey on augmenting knowledge graphs (KGs) with large language
                  models (LLMs): models, evaluation metrics, benchmarks, and challenges},
  journal      = {Discov. Artif. Intell.},
  volume       = {4},
  number       = {1},
  pages        = {76},
  year         = {2024},
  url          = {https://doi.org/10.1007/s44163-024-00175-8},
  doi          = {10.1007/S44163-024-00175-8},
  timestamp    = {Mon, 03 Mar 2025 21:36:38 +0100},
  biburl       = {https://dblp.org/rec/journals/dai/IbrahimAIK24.bib},
  bibsource    = {dblp computer science bibliography, https://dblp.org}
}

% Knowledge Editing for Large Language Models: A Survey. ACM Comput. Surv. 57(3): 59:1-59:37 (2025)

@article{WangZLZCL25,
  author       = {Song Wang and
                  Yaochen Zhu and
                  Haochen Liu and
                  Zaiyi Zheng and
                  Chen Chen and
                  Jundong Li},
  title        = {Knowledge Editing for Large Language Models: {A} Survey},
  journal      = {{ACM} Comput. Surv.},
  volume       = {57},
  number       = {3},
  pages        = {59:1--59:37},
  year         = {2025},
  url          = {https://doi.org/10.1145/3698590},
  doi          = {10.1145/3698590},
  timestamp    = {Sun, 19 Jan 2025 13:56:56 +0100},
  biburl       = {https://dblp.org/rec/journals/csur/WangZLZCL25.bib},
  bibsource    = {dblp computer science bibliography, https://dblp.org}
}

% # training and serving

% Few-shot adaptation of multi-modal foundation models: a survey. Artif. Intell. Rev. 57(10): 268 (2024)

@article{LiuZDZCZC24,
  author       = {Fan Liu and
                  Tianshu Zhang and
                  Wenwen Dai and
                  Chuanyi Zhang and
                  Wenwen Cai and
                  Xiaocong Zhou and
                  Delong Chen},
  title        = {Few-shot adaptation of multi-modal foundation models: a survey},
  journal      = {Artif. Intell. Rev.},
  volume       = {57},
  number       = {10},
  pages        = {268},
  year         = {2024},
  url          = {https://doi.org/10.1007/s10462-024-10915-y},
  doi          = {10.1007/S10462-024-10915-Y},
  timestamp    = {Wed, 08 Jan 2025 08:47:20 +0100},
  biburl       = {https://dblp.org/rec/journals/air/LiuZDZCZC24.bib},
  bibsource    = {dblp computer science bibliography, https://dblp.org}
}

Training and Serving System of Foundation Models: A Comprehensive Survey. IEEE Open J. Comput. Soc. 5: 107-119 (2024)

@article{ZhouCHCYZWZZ24,
  author       = {Jiahang Zhou and
                  Yanyu Chen and
                  Zicong Hong and
                  Wuhui Chen and
                  Yue Yu and
                  Tao Zhang and
                  Hui Wang and
                  Chuanfu Zhang and
                  Zibin Zheng},
  title        = {Training and Serving System of Foundation Models: {A} Comprehensive
                  Survey},
  journal      = {{IEEE} Open J. Comput. Soc.},
  volume       = {5},
  pages        = {107--119},
  year         = {2024},
  url          = {https://doi.org/10.1109/OJCS.2024.3380828},
  doi          = {10.1109/OJCS.2024.3380828},
  timestamp    = {Tue, 25 Mar 2025 16:29:43 +0100},
  biburl       = {https://dblp.org/rec/journals/ojcomps/ZhouCHCYZWZZ24.bib},
  bibsource    = {dblp computer science bibliography, https://dblp.org}
}

% Recent Advances of Foundation Language Models-based Continual Learning: A Survey. ACM Comput. Surv. 57(5): 112:1-112:38 (2025)

@article{YangZDHLCXH25,
  author       = {Yutao Yang and
                  Jie Zhou and
                  Xuanwen Ding and
                  Tianyu Huai and
                  Shunyu Liu and
                  Qin Chen and
                  Yuan Xie and
                  Liang He},
  title        = {Recent Advances of Foundation Language Models-based Continual Learning:
                  {A} Survey},
  journal      = {{ACM} Comput. Surv.},
  volume       = {57},
  number       = {5},
  pages        = {112:1--112:38},
  year         = {2025},
  url          = {https://doi.org/10.1145/3705725},
  doi          = {10.1145/3705725},
  timestamp    = {Wed, 16 Apr 2025 14:44:21 +0200},
  biburl       = {https://dblp.org/rec/journals/csur/YangZDHLCXH25.bib},
  bibsource    = {dblp computer science bibliography, https://dblp.org}
}

% Resource-efficient Algorithms and Systems of Foundation Models: A Survey. ACM Comput. Surv. 57(5): 110:1-110:39 (2025)


% A survey on LoRA of large language models. Frontiers Comput. Sci. 19(7): 197605 (2025)

@article{MaoGFXMHG25,
  author       = {Yuren Mao and
                  Yuhang Ge and
                  Yijiang Fan and
                  Wenyi Xu and
                  Yu Mi and
                  Zhonghao Hu and
                  Yunjun Gao},
  title        = {A survey on LoRA of large language models},
  journal      = {Frontiers Comput. Sci.},
  volume       = {19},
  number       = {7},
  pages        = {197605},
  year         = {2025},
  url          = {https://doi.org/10.1007/s11704-024-40663-9},
  doi          = {10.1007/S11704-024-40663-9},
  timestamp    = {Wed, 12 Feb 2025 09:01:47 +0100},
  biburl       = {https://dblp.org/rec/journals/fcsc/MaoGFXMHG25.bib},
  bibsource    = {dblp computer science bibliography, https://dblp.org}
}

% The Frontier of Data Erasure: A Survey on Machine Unlearning for Large Language Models. Computer 58(1): 45-57 (2025)

@article{QuDSTZN25,
  author       = {Youyang Qu and
                  Ming Ding and
                  Nan Sun and
                  Kanchana Thilakarathna and
                  Tianqing Zhu and
                  Dusit Niyato},
  title        = {The Frontier of Data Erasure: {A} Survey on Machine Unlearning for
                  Large Language Models},
  journal      = {Computer},
  volume       = {58},
  number       = {1},
  pages        = {45--57},
  year         = {2025},
  url          = {https://doi.org/10.1109/MC.2024.3405397},
  doi          = {10.1109/MC.2024.3405397},
  timestamp    = {Fri, 14 Feb 2025 20:50:26 +0100},
  biburl       = {https://dblp.org/rec/journals/computer/QuDSTZN25.bib},
  bibsource    = {dblp computer science bibliography, https://dblp.org}
}

% Parameter-efficient fine-tuning in large language models: a survey of methodologies. Artif. Intell. Rev. 58(8): 227 (2025)

@article{WangCJPCYY25,
  author       = {Luping Wang and
                  Sheng Chen and
                  Linnan Jiang and
                  Shu Pan and
                  Runze Cai and
                  Sen Yang and
                  Fei Yang},
  title        = {Parameter-efficient fine-tuning in large language models: a survey
                  of methodologies},
  journal      = {Artif. Intell. Rev.},
  volume       = {58},
  number       = {8},
  pages        = {227},
  year         = {2025},
  url          = {https://doi.org/10.1007/s10462-025-11236-4},
  doi          = {10.1007/S10462-025-11236-4},
  timestamp    = {Mon, 12 May 2025 21:02:28 +0200},
  biburl       = {https://dblp.org/rec/journals/air/WangCJPCYY25.bib},
  bibsource    = {dblp computer science bibliography, https://dblp.org}
}

% # general survey

% Pre-train, Prompt, and Predict: A Systematic Survey of Prompting Methods in Natural Language Processing, ACM Computing Surveys 2023.01

@article{LiuYFJHN23,
  author       = {Pengfei Liu and
                  Weizhe Yuan and
                  Jinlan Fu and
                  Zhengbao Jiang and
                  Hiroaki Hayashi and
                  Graham Neubig},
  title        = {Pre-train, Prompt, and Predict: {A} Systematic Survey of Prompting
                  Methods in Natural Language Processing},
  journal      = {{ACM} Comput. Surv.},
  volume       = {55},
  number       = {9},
  pages        = {195:1--195:35},
  year         = {2023},
  url          = {https://doi.org/10.1145/3560815},
  doi          = {10.1145/3560815},
  timestamp    = {Mon, 28 Aug 2023 21:19:32 +0200},
  biburl       = {https://dblp.org/rec/journals/csur/LiuYFJHN23.bib},
  bibsource    = {dblp computer science bibliography, https://dblp.org}
}

% Large language models (LLMs): survey, technical frameworks, and future challenges. Artificial Intelligence Review. 18 August 2024

@article{Kumar24,
  author       = {Pranjal Kumar},
  title        = {Large language models (LLMs): survey, technical frameworks, and future
                  challenges},
  journal      = {Artif. Intell. Rev.},
  volume       = {57},
  number       = {9},
  pages        = {260},
  year         = {2024},
  url          = {https://doi.org/10.1007/s10462-024-10888-y},
  doi          = {10.1007/S10462-024-10888-Y},
  timestamp    = {Tue, 01 Apr 2025 18:59:21 +0200},
  biburl       = {https://dblp.org/rec/journals/air/Kumar24.bib},
  bibsource    = {dblp computer science bibliography, https://dblp.org}
}

% # efficiency

% Efficient Large Language Models: A Survey. TMLR. 20 May 2024

@article{WangCJPCYY25,
  author       = {Luping Wang and
                  Sheng Chen and
                  Linnan Jiang and
                  Shu Pan and
                  Runze Cai and
                  Sen Yang and
                  Fei Yang},
  title        = {Parameter-efficient fine-tuning in large language models: a survey
                  of methodologies},
  journal      = {Artif. Intell. Rev.},
  volume       = {58},
  number       = {8},
  pages        = {227},
  year         = {2025},
  url          = {https://doi.org/10.1007/s10462-025-11236-4},
  doi          = {10.1007/S10462-025-11236-4},
  timestamp    = {Mon, 12 May 2025 21:02:28 +0200},
  biburl       = {https://dblp.org/rec/journals/air/WangCJPCYY25.bib},
  bibsource    = {dblp computer science bibliography, https://dblp.org}
}

% Empowering large language models to edge intelligence: A survey of edge efficient LLMs and techniques. August 2025

@article{DBLP:journals/csr/WangGZYG25,
  author       = {Rui Wang and
                  Zhiyong Gao and
                  Liuyang Zhang and
                  Shuaibing Yue and
                  Ziyi Gao},
  title        = {Empowering large language models to edge intelligence: {A} survey
                  of edge efficient LLMs and techniques},
  journal      = {Comput. Sci. Rev.},
  volume       = {57},
  pages        = {100755},
  year         = {2025},
  url          = {https://doi.org/10.1016/j.cosrev.2025.100755},
  doi          = {10.1016/J.COSREV.2025.100755},
  timestamp    = {Mon, 05 May 2025 07:55:33 +0200},
  biburl       = {https://dblp.org/rec/journals/csr/WangGZYG25.bib},
  bibsource    = {dblp computer science bibliography, https://dblp.org}
}

% LLM-Based Edge Intelligence: A Comprehensive Survey on Architectures, Applications, Security and Trustworthiness. IEEE Open Journal of the Communications Society, 09 September 2024

@article{FrihaFKCOG24,
  author       = {Othmane Friha and
                  Mohamed Amine Ferrag and
                  Burak Kantarci and
                  Burak {\c{C}}akmak and
                  Arda Ozgun and
                  Nassira Ghoualmi{-}Zine},
  title        = {LLM-Based Edge Intelligence: {A} Comprehensive Survey on Architectures,
                  Applications, Security and Trustworthiness},
  journal      = {{IEEE} Open J. Commun. Soc.},
  volume       = {5},
  pages        = {5799--5856},
  year         = {2024},
  url          = {https://doi.org/10.1109/OJCOMS.2024.3456549},
  doi          = {10.1109/OJCOMS.2024.3456549},
  timestamp    = {Thu, 03 Oct 2024 00:45:34 +0200},
  biburl       = {https://dblp.org/rec/journals/ojcs/FrihaFKCOG24.bib},
  bibsource    = {dblp computer science bibliography, https://dblp.org}
}

% Faster and Lighter LLMs: A Survey on Current Challenges and Way Forward. IJCAI 2024

@inproceedings{ChavanMKDG24,
  author       = {Arnav Chavan and
                  Raghav Magazine and
                  Shubham Kushwaha and
                  M{\'{e}}rouane Debbah and
                  Deepak K. Gupta},
  title        = {Faster and Lighter LLMs: {A} Survey on Current Challenges and Way
                  Forward},
  booktitle    = {Proceedings of the Thirty-Third International Joint Conference on
                  Artificial Intelligence, {IJCAI} 2024, Jeju, South Korea, August 3-9,
                  2024},
  pages        = {7980--7988},
  publisher    = {ijcai.org},
  year         = {2024},
  url          = {https://www.ijcai.org/proceedings/2024/883},
  timestamp    = {Fri, 18 Oct 2024 20:55:24 +0200},
  biburl       = {https://dblp.org/rec/conf/ijcai/ChavanMKDG24.bib},
  bibsource    = {dblp computer science bibliography, https://dblp.org}
}

% Resource-efficient Algorithms and Systems of Foundation Models: A Survey. ACM Comput. Surv. 57(5): 110:1-110:39


@article{XuCYWJL25,
  title={Resource-efficient algorithms and systems of foundation models: A survey},
  author={Xu, Mengwei and Cai, Dongqi and Yin, Wangsong and Wang, Shangguang and Jin, Xin and Liu, Xuanzhe},
  journal={ACM Computing Surveys},
  volume={57},
  number={5},
  pages={1--39},
  year={2025},
  publisher={ACM New York, NY}
}
